<?xml version = "1.0" encoding = "UTF-8"?><OAI-PMH xmlns="http://www.openarchives.org/OAI/2.0/" xmlns:xsi="http://www.w3.org/2001/XMLSchema-instance" xsi:schemaLocation="http://www.openarchives.org/OAI/2.0/ http://www.openarchives.org/OAI/2.0/OAI-PMH.xsd"><ListRecords><record><header><identifier>aleph-publish:014745960</identifier></header><metadata><record xmlns="http://www.ddb.de/professionell/mabxml/mabxml-1.xsd"><leader>00177nM2.01200024------u</leader><controlfield tag="LDR">00177nM2.01200024------u</controlfield><controlfield tag="FMT">MU</controlfield><datafield tag="001" ind1="-" ind2="1"><subfield code="a">TT001690402</subfield></datafield><datafield tag="001" ind1="-" ind2="2"><subfield code="a">HT002964659</subfield></datafield><datafield tag="002" ind1="a" ind2="1"><subfield code="a">20060407</subfield></datafield><datafield tag="002" ind1="a" ind2="2"><subfield code="a">19980508</subfield></datafield><datafield tag="003" ind1="-" ind2="2"><subfield code="a">20070403</subfield></datafield><datafield tag="004" ind1="-" ind2="1"><subfield code="a">20060323</subfield></datafield><datafield tag="010" ind1="-" ind2="1"><subfield code="a">HT002964659</subfield></datafield><datafield tag="026" ind1="-" ind2="2"><subfield code="a">HBZHT002964659</subfield></datafield><controlfield tag="030">az1ucr|||||||</controlfield><datafield tag="036" ind1="a" ind2="2"><subfield code="a">DXDE</subfield></datafield><datafield tag="037" ind1="b" ind2="1"><subfield code="a">ger</subfield></datafield><datafield tag="037" ind1="b" ind2="2"><subfield code="a">ger</subfield></datafield><controlfield tag="050">a|||||||||||||</controlfield><datafield tag="070" ind1="-" ind2="1"><subfield code="a">386</subfield></datafield><datafield tag="070" ind1="-" ind2="2"><subfield code="a">292</subfield></datafield><datafield tag="070" ind1="a" ind2="1"><subfield code="a">386</subfield></datafield><datafield tag="070" ind1="b" ind2="2"><subfield code="a">82</subfield></datafield><datafield tag="080" ind1="-" ind2="2"><subfield code="a">60</subfield></datafield><controlfield tag="089">Abt. 1</controlfield><datafield tag="090" ind1="-" ind2="1"><subfield code="a">1</subfield></datafield><datafield tag="100" ind1="b" ind2="2"><subfield code="p">Below, Georg &lt;&lt;von&gt;&gt;</subfield><subfield code="d">1858-1927</subfield><subfield code="b">[Hrsg.]</subfield><subfield code="9">(DE-588)118658085</subfield></datafield><datafield tag="101" ind1="-" ind2="2"><subfield code="p">Below, Georg Anton Hugo &lt;&lt;von&gt;&gt;</subfield><subfield code="d">1858-1927</subfield></datafield><datafield tag="101" ind1="-" ind2="2"><subfield code="p">Below, Anton Hugo Georg &lt;&lt;von&gt;&gt;</subfield><subfield code="d">1858-1927</subfield></datafield><datafield tag="101" ind1="-" ind2="2"><subfield code="p">Below, G. &lt;&lt;von&gt;&gt;</subfield><subfield code="d">1858-1927</subfield></datafield><datafield tag="101" ind1="-" ind2="2"><subfield code="p">Below, G. &lt;&lt;v.&gt;&gt;</subfield><subfield code="d">1858-1927</subfield></datafield><datafield tag="101" ind1="-" ind2="2"><subfield code="p">Below, Georgius &lt;&lt;de&gt;&gt;</subfield><subfield code="d">1858-1927</subfield></datafield><datafield tag="331" ind1="-" ind2="1"><subfield code="a">Allgemeines</subfield></datafield><datafield tag="331" ind1="-" ind2="2"><subfield code="a">Handbuch der mittelalterlichen und neueren Geschichte</subfield></datafield><datafield tag="359" ind1="-" ind2="2"><subfield code="a">hrsg. von G. v. Below ...</subfield></datafield><datafield tag="410" ind1="-" ind2="2"><subfield code="a">M端nchen [u.a.]</subfield></datafield><datafield tag="412" ind1="-" ind2="2"><subfield code="a">Oldenbourg</subfield></datafield><datafield tag="425" ind1="b" ind2="2"><subfield code="a">1903</subfield></datafield><datafield tag="511" ind1="-" ind2="2"><subfield code="a">Nachdr. im Verl. Orell F端ssli, Z端rich [u.a.], im Verl. Zeller, Osnabr端ck, im Scientia-Verl., Aalen, und im Verl. Johnson Repr., New York [u.a.] erschienen</subfield></datafield><datafield tag="700" ind1="l" ind2="2"><subfield code="a">330</subfield></datafield><controlfield tag="SYS">014745960</controlfield><datafield tag="088" ind1=" " ind2=" "><subfield code="a">386</subfield></datafield></record></metadata></record></ListRecords></OAI-PMH>